<record><leader>00000cas a2200000 a 4500</leader><controlfield tag="001">17320766</controlfield><controlfield tag="008">880108d19751981wauwr ne      0    0eng d</controlfield><datafield ind1=" " ind2=" " tag="010"><subfield code="a">sn 88085109 </subfield></datafield><datafield ind1=" " ind2=" " tag="040"><subfield code="a">SLZ</subfield><subfield code="b">eng</subfield><subfield code="c">SLZ</subfield><subfield code="d">OCL</subfield><subfield code="d">OCLCQ</subfield><subfield code="d">OCLCF</subfield><subfield code="d">OCLCO</subfield></datafield><datafield ind1="1" ind2=" " tag="029"><subfield code="a">AU@</subfield><subfield code="b">000020499429</subfield></datafield><datafield ind1=" " ind2=" " tag="042"><subfield code="a">msc</subfield></datafield><datafield ind1=" " ind2=" " tag="043"><subfield code="a">n-us-wa</subfield></datafield><datafield ind1="0" ind2="4" tag="082"><subfield code="a">071.9792</subfield><subfield code="2">19</subfield></datafield><datafield ind1="0" ind2=" " tag="130"><subfield code="a">Pacific tribune (Ilwaco, Wash.)</subfield></datafield><datafield ind1="1" ind2="4" tag="245"><subfield code="a">The Pacific tribune.</subfield></datafield><datafield ind1=" " ind2=" " tag="260"><subfield code="a">Ilwaco, Wash. :</subfield><subfield code="b">Pacific Tribune</subfield></datafield><datafield ind1=" " ind2=" " tag="300"><subfield code="a">v.</subfield></datafield><datafield ind1=" " ind2=" " tag="310"><subfield code="a">Weekly</subfield></datafield><datafield ind1="0" ind2=" " tag="362"><subfield code="a">Vol. 64, no. 35 (Aug. 27, 1975)-v. 70, no. 43 (Nov. 4, 1981).</subfield></datafield><datafield ind1=" " ind2="0" tag="651"><subfield code="a">Ilwaco (Wash.)</subfield><subfield code="v">Newspapers.</subfield></datafield><datafield ind1=" " ind2="7" tag="655"><subfield code="a">Newspapers.</subfield><subfield code="2">fast</subfield><subfield code="0">(OCoLC)fst01423814</subfield></datafield><datafield ind1=" " ind2="7" tag="651"><subfield code="a">Washington (State)</subfield><subfield code="z">Ilwaco.</subfield><subfield code="2">fast</subfield><subfield code="0">(OCoLC)fst01207458</subfield></datafield><datafield ind1=" " ind2=" " tag="752"><subfield code="a">United States</subfield><subfield code="b">Washington</subfield><subfield code="c">Pacific</subfield><subfield code="d">Ilwaco.</subfield></datafield><datafield ind1="0" ind2="0" tag="780"><subfield code="t">Tribune (Ilwaco, Wash.)</subfield><subfield code="w">(DLC)sn 88085110</subfield></datafield></record>